@article{Sugihara2012,
  doi = {10.1126/science.1227079},
  url = {http://dx.doi.org/10.1126/science.1227079},
  year  = {2012},
  month = {sep},
  publisher = {American Association for the Advancement of Science ({AAAS})},
  volume = {338},
  number = {6106},
  pages = {496--500},
  author = {G. Sugihara and R. May and H. Ye and C.-h. Hsieh and E. Deyle and M. Fogarty and S. Munch},
  title = {Detecting Causality in Complex Ecosystems},
  journal = {Science}
}

@article{Ellner1995,
 ISSN = {00030147, 15375323},
 URL = {http://www.jstor.org/stable/2463024},
 author = {Stephen Ellner, Peter Turchin},
 journal = {Am. Nat.},
 number = {3},
 pages = {343-375},
 publisher = {[University of Chicago Press, American Society of Naturalists]},
 title = {Chaos in a Noisy World: New Methods and Evidence from Time-Series Analysis},
 volume = {145},
 year = {1995}
}


@article {Clark2015,
author = {Clark, Adam Thomas and Ye, Hao and Isbell, Forest and Deyle, Ethan R. and Cowles, Jane and Tilman, G. David and Sugihara, George},
title = {Spatial convergent cross mapping to detect causal relationships from short time series},
journal = {Ecology},
volume = {96},
number = {5},
publisher = {Ecological Society of America},
issn = {1939-9170},
url = {http://dx.doi.org/10.1890/14-1479.1},
doi = {10.1890/14-1479.1},
pages = {1174--1181},
keywords = {causality, convergent cross mapping, dewdrop regression, multispatialCCM, spatial replication, time series},
year = {2015}
}

@article{Cobey2014,
  title={Pathogen evolution and the immunological niche},
  author={Cobey, Sarah},
  journal={Ann. NY Acad. Sci.},
  volume={1320},
  number={1},
  pages={1--15},
  year={2014},
  publisher={Wiley Online Library}
}

@article{Kennel1992,
  doi = {10.1103/physreva.45.3403},
  url = {http://dx.doi.org/10.1103/PhysRevA.45.3403},
  year  = {1992},
  month = {mar},
  publisher = {American Physical Society ({APS})},
  volume = {45},
  number = {6},
  pages = {3403--3411},
  author = {Matthew B. Kennel and Reggie Brown and Henry D. I. Abarbanel},
  title = {Determining embedding dimension for phase-space reconstruction using a geometrical construction},
  journal = {Phys. Rev. A}
}

@book{HilbornMangel,
  Author = {Ray Hilborn and Marc Mangel},
  Title = {The Ecological Detective: Confronting Models with Data},
  Publisher = {Princeton University Press},
  Year = {1997},
  ISBN = {0691034974}
}

@book{Turchin2003,
  Author = {Peter Turchin},
  Title = {Complex Population Dynamics: A Theoretical/Empirical Synthesis (MPB-35) (Monographs in Population Biology)},
  Publisher = {Princeton University Press},
  Year = {2003},
  ISBN = {0691090211}
  }
  
@article{Mooij2014,
  author    = {Joris M. Mooij and
               Jonas Peters and
               Dominik Janzing and
               Jakob Zscheischler and
               Bernhard Sch{\"{o}}lkopf},
  title     = {Distinguishing cause from effect using observational data: methods and benchmarks},
  journal   = {J. Mach. Learn. Res.},
  volume    = {17},
  number    = {32},
  year      = {2016}
}
  
@incollection{Stegle2010,
title = {Probabilistic latent variable models for distinguishing between cause and effect},
author = {Stegle, Oliver and Janzing, Dominik and Kun Zhang and Joris M. Mooij and Sch\"{o}lkopf, Bernhard},
booktitle = {Advances in Neural Information Processing Systems 23},
editor = {J.D. Lafferty and C.K.I. Williams and J. Shawe-Taylor and R.S. Zemel and A. Culotta},
pages = {1687--1695},
year = {2010},
publisher = {Curran Associates, Inc.},
url = {http://papers.nips.cc/paper/4173-probabilistic-latent-variable-models-for-distinguishing-between-cause-and-effect.pdf}
}  
  
 @article{Yodzis1988,
 ISSN = {00129658},
 URL = {http://www.jstor.org/stable/1940449},
 author = {Peter Yodzis},
 journal = {Ecology},
 number = {2},
 pages = {508-515},
 publisher = {Ecological Society of America},
 title = {The Indeterminacy of Ecological Interactions as Perceived Through Perturbation Experiments},
 volume = {69},
 year = {1988}
}
  
 @article{Wood1999,
 ISSN = {09628452},
 URL = {http://www.jstor.org/stable/51287},
 author = {Simon N. Wood, Matthew B. Thomas},
 journal = {Proc. R. Soc. B},
 number = {1419},
 pages = {565-570},
 publisher = {The Royal Society},
 title = {Super-Sensitivity to Structure in Biological Models},
 volume = {266},
 year = {1999}
}

@article{vanPanhuis2013,
  doi = {10.1056/nejmms1215400},
  url = {http://dx.doi.org/10.1056/NEJMms1215400},
  year  = {2013},
  month = {nov},
  publisher = {New England Journal of Medicine ({NEJM}/{MMS})},
  volume = {369},
  number = {22},
  pages = {2152--2158},
  author = {Willem G. van Panhuis and John Grefenstette and Su Yon Jung and Nian Shong Chok and Anne Cross and Heather Eng and Bruce Y. Lee and Vladimir Zadorozhny and Shawn Brown and Derek Cummings and Donald S. Burke},
  title = {Contagious Diseases in the {United States} from 1888 to the Present},
  journal = {New Engl. J. Med.}
}

@article{Mina2015,
  doi = {10.1126/science.aaa3662},
  url = {http://dx.doi.org/10.1126/science.aaa3662},
  year  = {2015},
  month = {may},
  publisher = {American Association for the Advancement of Science ({AAAS})},
  volume = {348},
  number = {6235},
  pages = {694--699},
  author = {M. J. Mina and C. J. E. Metcalf and R. L. de Swart and A. D. M. E. Osterhaus and B. T. Grenfell},
  title = {Long-term measles-induced immunomodulation increases overall childhood infectious disease mortality},
  journal = {Science}
}

@article{Laneri2010,
  doi = {10.1371/journal.pcbi.1000898},
  url = {http://dx.doi.org/10.1371/journal.pcbi.1000898},
  year  = {2010},
  month = {sep},
  publisher = {Public Library of Science ({PLoS})},
  volume = {6},
  number = {9},
  pages = {e1000898},
  author = {Karina Laneri and Anindya Bhadra and Edward L. Ionides and Menno Bouma and Ramesh C. Dhiman and Rajpal S. Yadav and Mercedes Pascual},
  editor = {Neil M. Ferguson},
  title = {Forcing Versus Feedback: Epidemic Malaria and Monsoon Rains in Northwest {India}},
  journal = {{PLOS} Comput. Biol.}
}

@article{He2009,
  doi = {10.1098/rsif.2009.0151},
  url = {http://dx.doi.org/10.1098/rsif.2009.0151},
  year  = {2009},
  month = {jun},
  publisher = {The Royal Society},
  volume = {7},
  number = {43},
  pages = {271--283},
  author = {D. He and E. L. Ionides and A. A. King},
  title = {Plug-and-play inference for disease dynamics: measles in large and small populations as a case study},
  journal = {J. R. Soc. Interface}
}

@article{Gog2002,
  doi = {10.1007/s002850100120},
  url = {http://dx.doi.org/10.1007/s002850100120},
  year  = {2002},
  month = {feb},
  publisher = {Springer Science $\mathplus$ Business Media},
  volume = {44},
  number = {2},
  pages = {169--184},
  author = {J.R. Gog and J. Swinton},
  title = {A status-based approach to multiple strain dynamics},
  journal = {J. Math. Biol.}
}

@book{BurnhamAnderson,
  Author = {Kenneth P. Burnham and David R. Anderson},
  Title = {Model Selection and Multimodel Inference: A Practical Information-Theoretic Approach},
  Publisher = {Springer},
  Year = {2003},
  ISBN = {0387953647}}
}

@article{Ye2015,
  doi = {10.1038/srep14750},
  url = {http://dx.doi.org/10.1038/srep14750},
  year  = {2015},
  month = {oct},
  publisher = {Nature Publishing Group},
  volume = {5},
  pages = {14750},
  author = {Hao Ye and Ethan R. Deyle and Luis J. Gilarranz and George Sugihara},
  title = {Distinguishing time-delayed causal interactions using convergent cross mapping},
  journal = {Nature Sci. Rep.}
}

@article{Ye2015eqn,
  doi = {10.1073/pnas.1417063112},
  url = {http://dx.doi.org/10.1073/pnas.1417063112},
  year  = {2015},
  month = {mar},
  publisher = {Proceedings of the National Academy of Sciences},
  volume = {112},
  number = {13},
  pages = {E1569--E1576},
  author = {Hao Ye and Richard J. Beamish and Sarah M. Glaser and Sue C. H. Grant and Chih-hao Hsieh and Laura J. Richards and Jon T. Schnute and George Sugihara},
  title = {Equation-free mechanistic ecosystem forecasting using empirical dynamic modeling},
  journal = {PNAS}
}

@article{Tajima2015,
  doi = {10.1371/journal.pcbi.1004537},
  url = {http://dx.doi.org/10.1371/journal.pcbi.1004537},
  year  = {2015},
  month = {nov},
  publisher = {Public Library of Science ({PLoS})},
  volume = {11},
  number = {11},
  pages = {e1004537},
  author = {Satohiro Tajima and Toru Yanagawa and Naotaka Fujii and Taro Toyoizumi},
  editor = {Christopher J Honey},
  title = {Untangling Brain-Wide Dynamics in Consciousness by Cross-Embedding},
  journal = {{PLOS} Comput. Biol.}
}

@article{Kocarev1996,
  doi = {10.1103/physrevlett.76.1816},
  url = {http://dx.doi.org/10.1103/PhysRevLett.76.1816},
  year  = {1996},
  month = {mar},
  publisher = {American Physical Society ({APS})},
  volume = {76},
  number = {11},
  pages = {1816--1819},
  author = {L. Kocarev and U. Parlitz},
  title = {Generalized Synchronization,  Predictability,  and Equivalence of Unidirectionally Coupled Dynamical Systems},
  journal = {Phys. Rev. Lett.}
}


@book{Ross1910,
  title={The Prevention of Malaria},
  author={Ross, R.},
  url={https://books.google.com/books?id=0jRaWNX--s0C},
  year={1910},
  publisher={J. Murray}
}

@article{Finkenstadt2000,
  doi = {10.1111/1467-9876.00187},
  url = {http://dx.doi.org/10.1111/1467-9876.00187},
  year  = {2000},
  publisher = {Wiley-Blackwell},
  volume = {49},
  number = {2},
  pages = {187--205},
  author = {B. F. Finkenst\"{a}dt and B. T. Grenfell},
  title = {Time series modelling of childhood diseases: a dynamical systems approach},
  journal = {J. R. Stat. Soc. C}
}

@article{Alonso2006,
  doi = {10.1098/rsif.2006.0192},
  url = {http://dx.doi.org/10.1098/rsif.2006.0192},
  year  = {2006},
  month = {dec},
  publisher = {The Royal Society},
  volume = {4},
  number = {14},
  pages = {575--582},
  author = {David Alonso and Alan J. McKane and Mercedes Pascual},
  title = {Stochastic amplification in epidemics},
  journal = {J. R. Soc. Interface}
}

@article{Kermack1927,
  doi = {10.1098/rspa.1927.0118},
  url = {http://dx.doi.org/10.1098/rspa.1927.0118},
  year  = {1927},
  month = {aug},
  publisher = {The Royal Society},
  volume = {115},
  number = {772},
  pages = {700--721},
  author = {W. O. Kermack and A. G. McKendrick},
  title = {A Contribution to the Mathematical Theory of Epidemics},
  journal = {Proc. R. Soc. A}
}

@book{KeelingRohani,
  Author = {Matt J. Keeling and Pejman Rohani},
  Title = {Modeling Infectious Diseases in Humans and Animals},
  Publisher = {Princeton University Press},
  Year = {2011},
  ISBN = {}
}

@article{Metcalf2009,
  doi = {10.1098/rspb.2009.1058},
  url = {http://dx.doi.org/10.1098/rspb.2009.1058},
  year  = {2009},
  month = {sep},
  publisher = {The Royal Society},
  volume = {276},
  number = {1676},
  pages = {4111--4118},
  author = {C. J. E. Metcalf and O. N. Bjornstad and B. T. Grenfell and V. Andreasen},
  title = {Seasonality and comparative dynamics of six childhood infections in pre-vaccination {Copenhagen}},
  journal = {Proc. R. Soc. B}
}

@book{AndersonMay,
  Author = {Roy M. \& Robert M. May Anderson},
  Title = {Infectious Diseases of Humans. Dynamics and Control},
  Publisher = {Oxford University Press},
  Year = {1995},
  ISBN = {019854040X}
}

@article{Uzal2011,
  doi = {10.1103/physreve.84.016223},
  url = {http://dx.doi.org/10.1103/PhysRevE.84.016223},
  year  = {2011},
  month = {jul},
  publisher = {American Physical Society ({APS})},
  volume = {84},
  number = {1},
  author = {L. C. Uzal and G. L. Grinblat and P. F. Verdes},
  title = {Optimal reconstruction of dynamical systems: A noise amplification approach},
  journal = {Phys. Rev. E}
}

@article{Casdagli1991,
  doi = {10.1016/0167-2789(91)90222-u},
  url = {http://dx.doi.org/10.1016/0167-2789(91)90222-U},
  year  = {1991},
  month = {aug},
  publisher = {Elsevier {BV}},
  volume = {51},
  number = {1-3},
  pages = {52--98},
  author = {Martin Casdagli and Stephen Eubank and J.Doyne Farmer and John Gibson},
  title = {State space reconstruction in the presence of noise},
  journal = {Physica D}
}

@article{Fine1982,
	author = {Fine, P E and Clarkson, J A},
	title = {{Measles in England and Wales--I: {An} analysis of factors underlying seasonal patterns.}},
	journal = {Int. J. Epidemiol},
	year = {1982},
	month = {Mar},
	volume = {11},
	number = {1},
	pages = {5--14},
	pmid = {7085179}
}

@article{Small2004,
  doi = {10.1016/j.physd.2004.03.006},
  url = {http://dx.doi.org/10.1016/j.physd.2004.03.006},
  year  = {2004},
  month = {jul},
  publisher = {Elsevier {BV}},
  volume = {194},
  number = {3-4},
  pages = {283--296},
  author = {Michael Small and C.K. Tse},
  title = {Optimal embedding parameters: a modelling paradigm},
  journal = {Physica D}
}

@article{Cao1997,
 author = {Cao, Liangyue},
 title = {Practical Method for Determining the Minimum Embedding Dimension of a Scalar Time Series},
 journal = {Phys. D},
 issue\_date = {Dec. 1, 1997},
 volume = {110},
 number = {1-2},
 month = dec,
 year = {1997},
 issn = {0167-2789},
 pages = {43--50},
 numpages = {8},
 url = {http://dx.doi.org/10.1016/S0167-2789(97)00118-8},
 doi = {10.1016/S0167-2789(97)00118-8},
 acmid = {272844},
 publisher = {Elsevier Science Publishers B. V.},
 address = {Amsterdam, The Netherlands, The Netherlands}
} 

@article{Pecora2007,
   author = "Pecora, Louis M. and Moniz, Linda and Nichols, Jonathan and Carroll, Thomas L.",
   title = "A unified approach to attractor reconstruction",
   journal = "Chaos",
   year = "2007",
   volume = "17",
   number = "1", 
   eid = 013110,
   pages = "",
   url = "http://scitation.aip.org/content/aip/journal/chaos/17/1/10.1063/1.2430294",
   doi = "http://dx.doi.org/10.1063/1.2430294" 
}

@article{Shaman2010,
  doi = {10.1371/journal.pbio.1000316},
  url = {http://dx.doi.org/10.1371/journal.pbio.1000316},
  year  = {2010},
  month = {feb},
  publisher = {Public Library of Science ({PLoS})},
  volume = {8},
  number = {2},
  pages = {e1000316},
  author = {Jeffrey Shaman and Virginia E. Pitzer and C{\'{e}}cile Viboud and Bryan T. Grenfell and Marc Lipsitch},
  editor = {Neil M. Ferguson},
  title = {Absolute Humidity and the Seasonal Onset of Influenza in the Continental {United States}},
  journal = {{PLOS} Biol.}
}

@article {Rohani2002,
	title = {The interplay between determinism and stochasticity in childhood diseases},
	journal = {Am. Nat.},
	volume = {159},
	number = {5},
	year = {2002},
	pages = {469{\textendash}481},
	url = {http://www.jstor.org/stable/10.1086/339467},
	author = {Rohani, Pejman and Keeling, Matthew J. and Bryan T. Grenfell}
}

@article{Altizer2006,
  doi = {10.1111/j.1461-0248.2005.00879.x},
  url = {http://dx.doi.org/10.1111/j.1461-0248.2005.00879.x},
  year  = {2006},
  month = {mar},
  publisher = {Wiley-Blackwell},
  volume = {9},
  number = {4},
  pages = {467--484},
  author = {Sonia Altizer and Andrew Dobson and Parviez Hosseini and Peter Hudson and Mercedes Pascual and Pejman Rohani},
  title = {Seasonality and the dynamics of infectious diseases},
  journal = {Ecol. Lett.}
}

@article{Rand1991,
 ISSN = {09628452},
 URL = {http://www.jstor.org/stable/76701},
 author = {D. A. Rand, H. B. Wilson},
 journal = {Proc. R. Soc. B},
 number = {1316},
 pages = {179-184},
 publisher = {The Royal Society},
 title = {Chaotic Stochasticity: A Ubiquitous Source of Unpredictability in Epidemics},
 volume = {246},
 year = {1991}
}

@article{Durrett1994,
  doi = {10.1006/tpbi.1994.1032},
  url = {http://dx.doi.org/10.1006/tpbi.1994.1032},
  year  = {1994},
  month = {dec},
  publisher = {Elsevier {BV}},
  volume = {46},
  number = {3},
  pages = {363--394},
  author = {R. Durrett and S. Levin},
  title = {The Importance of Being Discrete (and Spatial)},
  journal = {Theor. Popul. Biol.}
}

@article{Boland2009,
  doi = {10.1103/physreve.79.051131},
  url = {http://dx.doi.org/10.1103/PhysRevE.79.051131},
  year  = {2009},
  month = {may},
  publisher = {American Physical Society ({APS})},
  volume = {79},
  number = {5},
  author = {Richard P. Boland and Tobias Galla and Alan J. McKane},
  title = {Limit cycles,  complex {Floquet} multipliers,  and intrinsic noise},
  journal = {Phys. Rev. E}
}

@article{Hastings2004,
  doi = {10.1016/j.tree.2003.09.007},
  url = {http://dx.doi.org/10.1016/j.tree.2003.09.007},
  year  = {2004},
  month = {jan},
  publisher = {Elsevier {BV}},
  volume = {19},
  number = {1},
  pages = {39--45},
  author = {Alan Hastings},
  title = {Transients: the key to long-term ecological understanding?},
  journal = {Trends Ecol. Evol.}
}

@article{Nisbet1978,
 ISSN = {00030147, 15375323},
 URL = {http://www.jstor.org/stable/2460349},
 author = {W. S. C. Gurney, R. M. Nisbet},
 journal = {Am. Nat.},
 number = {988},
 pages = {1075-1090},
 publisher = {[University of Chicago Press, American Society of Naturalists]},
 title = {Single-Species Population Fluctuations in Patchy Environments},
 volume = {112},
 year = {1978}
}


@article{Nguyen2008,
  doi = {10.1098/rsif.2007.1168},
  url = {http://dx.doi.org/10.1098/rsif.2007.1168},
  year  = {2008},
  month = {apr},
  publisher = {The Royal Society},
  volume = {5},
  number = {21},
  pages = {403--413},
  author = {H. T.H Nguyen and P. Rohani},
  title = {Noise,  nonlinearity and seasonality: the epidemics of whooping cough revisited},
  journal = {J. R. Soc. Interface}
}

@article{Granger1969,
  doi = {10.2307/1912791},
  url = {http://dx.doi.org/10.2307/1912791},
  year  = {1969},
  month = {aug},
  publisher = {{JSTOR}},
  volume = {37},
  number = {3},
  pages = {424},
  author = {C. W. J. Granger},
  title = {Investigating Causal Relations by Econometric Models and Cross-spectral Methods},
  journal = {Econometrica}
}

@article{McKane2005,
  doi = {10.1103/physrevlett.94.218102},
  url = {http://dx.doi.org/10.1103/PhysRevLett.94.218102},
  year  = {2005},
  month = {jun},
  publisher = {American Physical Society ({APS})},
  volume = {94},
  number = {21},
  author = {A. J. McKane and T. J. Newman},
  title = {Predator-Prey Cycles from Resonant Amplification of Demographic Stochasticity},
  journal = {Phys. Rev. Lett.}
}

@article{Rohani2003,
  doi = {10.1038/nature01542},
  url = {http://dx.doi.org/10.1038/nature01542},
  year  = {2003},
  month = {apr},
  publisher = {Nature Publishing Group},
  volume = {422},
  number = {6934},
  pages = {885--888},
  author = {P. Rohani and C. J. Green and N. B. Mantilla-Beniers and B. T. Grenfell},
  title = {Ecological interference between fatal diseases},
  journal = {Nature}
}

@article{Earn2000,
  doi = {10.1126/science.287.5453.667},
  url = {http://dx.doi.org/10.1126/science.287.5453.667},
  year  = {2000},
  month = {jan},
  publisher = {American Association for the Advancement of Science ({AAAS})},
  volume = {287},
  number = {5453},
  pages = {667--670},
  author = {D. J. Earn},
  title = {A Simple Model for Complex Dynamical Transitions in Epidemics},
  journal = {Science}
}

@article{Ives2012,
  doi = {10.1890/es11-00347.1},
  url = {http://dx.doi.org/10.1890/ES11-00347.1},
  year  = {2012},
  month = {jun},
  publisher = {Ecological Society of America},
  volume = {3},
  number = {6},
  pages = {art58},
  author = {Anthony R. Ives and Vasilis Dakos},
  title = {Detecting dynamical changes in nonlinear time series using locally linear state-space models},
  journal = {Ecosphere}
}

@article{Tsonis2015,
  doi = {10.1073/pnas.1420291112},
  url = {http://dx.doi.org/10.1073/pnas.1420291112},
  year  = {2015},
  month = {mar},
  publisher = {Proceedings of the National Academy of Sciences},
  volume = {112},
  number = {11},
  pages = {3253--3256},
  author = {Anastasios A. Tsonis and Ethan R. Deyle and Robert M. May and George Sugihara and Kyle Swanson and Joshua D. Verbeten and Geli Wang},
  title = {Dynamical evidence for causality between galactic cosmic rays and interannual variation in global temperature},
  journal = {PNAS}
}

@article{Nichkawde2013,
  title = {Optimal state-space reconstruction using derivatives on projected manifold},
  author = {Nichkawde, Chetan},
  journal = {Phys. Rev. E},
  volume = {87},
  issue = {2},
  pages = {022905},
  numpages = {8},
  year = {2013},
  month = {Feb},
  publisher = {American Physical Society},
  doi = {10.1103/PhysRevE.87.022905},
  url = {http://link.aps.org/doi/10.1103/PhysRevE.87.022905}
}

@article{Schumacher2015,
  doi = {10.1162/neco\_a\_00756},
  url = {http://dx.doi.org/10.1162/NECO\_a\_00756},
  year  = {2015},
  month = {aug},
  publisher = {{MIT} Press - Journals},
  volume = {27},
  number = {8},
  pages = {1555--1608},
  author = {Johannes Schumacher and Thomas Wunderle and Pascal Fries and Frank J\"{a}kel and Gordon Pipa},
  title = {A Statistical Framework to Infer Delay and Direction of Information Flow from Measurements of Complex Systems},
  journal = {Neural Comput.}
}

@incollection{Takens1981,
year={1981},
isbn={978-3-540-11171-9},
booktitle={Dynamical Systems and Turbulence, Warwick 1980},
volume={898},
series={Lecture Notes in Mathematics},
editor={Rand, David and Young, Lai-Sang},
doi={10.1007/BFb0091924},
title={Detecting strange attractors in turbulence},
url={http://dx.doi.org/10.1007/BFb0091924},
publisher={Springer Berlin Heidelberg},
author={Takens, Floris},
pages={366-381},
language={English}
}

@article{Sugihara1994,
  doi = {10.1098/rsta.1994.0106},
  url = {http://dx.doi.org/10.1098/rsta.1994.0106},
  year  = {1994},
  month = {sep},
  publisher = {The Royal Society},
  volume = {348},
  number = {1688},
  pages = {477--495},
  author = {G. Sugihara},
  title = {Nonlinear Forecasting for the Classification of Natural Time Series},
  journal = {Phil. Trans. R. Soc. A}
}

@article{Sugihara1990,
  doi = {10.1038/344734a0},
  url = {http://dx.doi.org/10.1038/344734a0},
  year  = {1990},
  month = {apr},
  publisher = {Nature Publishing Group},
  volume = {344},
  number = {6268},
  pages = {734--741},
  author = {George Sugihara and Robert M. May},
  title = {Nonlinear forecasting as a way of distinguishing chaos from measurement error in time series},
  journal = {Nature}
}

@article{Grad2012,
  doi = {10.1097/ede.0b013e3182572581},
  url = {http://dx.doi.org/10.1097/EDE.0b013e3182572581},
  year  = {2012},
  month = {jul},
  publisher = {Ovid Technologies (Wolters Kluwer Health)},
  volume = {23},
  number = {4},
  pages = {523--530},
  author = {Yonatan H. Grad and Joel C. Miller and Marc Lipsitch},
  title = {Cholera Modeling},
  journal = {Epidemiology}
}

@article{Simberloff1969,
  doi = {10.2307/1934856},
  url = {http://dx.doi.org/10.2307/1934856},
  year  = {1969},
  month = {mar},
  publisher = {Wiley-Blackwell},
  volume = {50},
  number = {2},
  pages = {278--296},
  author = {Daniel S. Simberloff and Edward O. Wilson},
  title = {Experimental Zoogeography of Islands: The Colonization of Empty Islands},
  journal = {Ecology}
}

@article{Hurlbert1984,
 ISSN = {00129615},
 URL = {http://www.jstor.org/stable/1942661},
 abstract = {Pseudoreplication is defined as the use of inferential statistics to test for treatment effects with data from experiments where either treatments are not replicated (though samples may be) or replicates are not statistically independent. In ANOVA terminology, it is the testing for treatment effects with an error term inappropriate to the hypothesis being considered. Scrutiny of 176 experimental studies published between 1960 and the present revealed that pseudoreplication occurred in 27% of them, or 48% of all such studies that applied inferential statistics. The incidence of pseudoreplication is especially high in studies of marine benthos and small mammals. The critical features of controlled experimentation are reviewed. Nondemonic intrusion is defined as the impingement of chance events on an experiment in progress. As a safeguard against both it and preexisting gradients, interspersion of treatments is argued to be an obligatory feature of good design. Especially in small experiments, adequate interspersion can sometimes be assured only by dispensing with strict randomization procedures. Comprehension of this conflict between interspersion and randomization is aided by distinguishing pre-layout (or conventional) and layout-specific alpha (probability of type I error). Suggestions are offered to statisticians and editors of ecological journals as to how ecologists' understanding of experimental design and statistics might be improved.},
 author = {Stuart H. Hurlbert},
 journal = {Ecol. Monogr.},
 number = {2},
 pages = {187-211},
 publisher = {Ecological Society of America},
 title = {Pseudoreplication and the Design of Ecological Field Experiments},
 volume = {54},
 year = {1984}
}

@incollection{Tilman1989,
  author      = "David Tilman",
  title       = "Ecological experimentation: Strengths and conceptual problems",
  editor      = "G. E. Likens",
  booktitle   = "Long-term Studies in Ecology: Approaches and Alternatives",
  publisher   = "Springer-Verlag",
  address     = "New York",
  year        = 1989,
  pages       = "136-157",
  chapter     = 6,
}

@article{Plowright2008,
  doi = {10.1890/070086},
  url = {http://dx.doi.org/10.1890/070086},
  year  = {2008},
  month = {oct},
  publisher = {Wiley-Blackwell},
  volume = {6},
  number = {8},
  pages = {420--429},
  author = {Raina K Plowright and Susanne H Sokolow and Michael E Gorman and Peter Daszak and Janet E Foley},
  title = {Causal inference in disease ecology: investigating ecological drivers of disease emergence},
  journal = {Front. Ecol. Environ.}
}
